@article{Blockeel2013,
year={2013},
isbn={978-3-642-40993-6},
booktitle={Machine Learning and Knowledge Discovery in Databases},
volume={8190},
series={Lecture Notes in Computer Science},
editor={Blockeel, Hendrik and Kersting, Kristian and Nijssen, Siegfried and Železný, Filip},
doi={10.1007/978-3-642-40994-3_33},
title={Learning to Detect Patterns of Crime},
url={http://dx.doi.org/10.1007/978-3-642-40994-3_33},
publisher={Springer Berlin Heidelberg},
keywords={Pattern detection; crime data mining; predictive policing},
author={Wang, Tong and Rudin, Cynthia and Wagner, Daniel and Sevieri, Rich},
pages={515-530},
}


@article{Chen2004,
author = {Hsinchun Chen and Wingyan Chung and Jennifer Jie Xu and Gang Wang and Yi Qin and Michael Chau},
title = {Crime Data Mining: A General Framework and Some Examples},
journal ={Computer},
volume = {37},
number = {4},
issn = {0018-9162},
year = {2004},
pages = {50-56},
doi = {http://doi.ieeecomputersociety.org/10.1109/MC.2004.1297301},
publisher = {IEEE Computer Society},
address = {Los Alamitos, CA, USA},
}


@INPROCEEDINGS{Syam2006, 
author={Shyam Varan Nath}, 
booktitle={Web Intelligence and Intelligent Agent Technology Workshops, 2006. WI-IAT 2006 Workshops. 2006 IEEE/WIC/ACM International Conference on}, 
title={Crime Pattern Detection Using Data Mining}, 
year={2006}, 
pages={41-44}, 
keywords={data mining;learning (artificial intelligence);pattern clustering;police data processing;crime pattern detection;data mining approach;k-means clustering algorithm;knowledge discovery;semisupervised learning technique;Accuracy;Clustering algorithms;Computer crime;Costs;Data analysis;Data mining;Intelligent agent;Law enforcement;Semisupervised learning;Terrorism;Crime-patterns;clustering;data mining;k-means;law-enforcement;semi-supervised learning}, 
doi={10.1109/WI-IATW.2006.55},
}

@article{Ellis2007,
year={2007},
isbn={978-1-84628-665-0},
booktitle={Applications and Innovations in Intelligent Systems XIV},
editor={Ellis, Richard and Allen, Tony and Tuson, Andrew},
doi={10.1007/978-1-84628-666-7_19},
title={Review of Current Crime Prediction Techniques},
url={http://dx.doi.org/10.1007/978-1-84628-666-7_19},
publisher={Springer London},
author={Grover, Vikas and Adderley, Richard and Bramer, Max},
pages={233-237},
language={English}
}


@misc{Justice2008,
  title = {Crime in the United States: Uniform Crime Reports},
  howpublished = {http://www2.fbi.gov/ucr/cius2008/index.html},
  note = {Accessed: 2013-12-5},
  author = {U.S. Department of Justice, Federal Bureau of Investigation},
  year = {2008}, 
}

@Book{BUSS2012,
year={2012},
booktitle={The evolutionary psychology of criminal behaviour},
author={Figueredo, Aurelio José and Gladden, Paul Robert and Hohman, Zachary},
publisher={University of Texas},
journal={Journal of Theoretical and Philosophical criminology Commentary},
volume = {1},
number = {1},
issn = {0018-9162},
year = {2012},
pages = {90-98},
}
